@inproceedings{zagha1991radix,
  title={Radix sort for vector multiprocessors},
  author={Zagha, Marco and Blelloch, Guy E},
  booktitle={Proceedings of the 1991 ACM/IEEE conference on Supercomputing},
  pages={713},
  year={1991}
}
@article{schaffer1993analysis,
  title={The analysis of heapsort},
  author={Schaffer, Russel and Sedgewick, Robert},
  journal={Journal of Algorithms},
  volume={15},
  number={1},
  pages={77},
  year={1993},
  publisher={Elsevier}
}
@inproceedings{min2010analysis,
  title={Analysis on bubble sort algorithm optimization},
  author={Min, Wang},
  booktitle={2010 International forum on information technology and applications},
  volume={1},
  pages={208--209},
  year={2010},
  organization={IEEE}
}

@book{intro_to_algo_radix,
author = {Cormen, Thomas H. and Leiserson, Charles E. and Rivest, Ronald L. and Stein, Clifford},
title = {Introduction to Algorithms, Third Edition},
year = {2009},
isbn = {0262033844},
publisher = {The MIT Press},
edition = {3rd},
pages={198-199}}
}

@book{intro_to_algo_heap,
author = {Cormen, Thomas H. and Leiserson, Charles E. and Rivest, Ronald L. and Stein, Clifford},
title = {Introduction to Algorithms, Third Edition},
year = {2009},
isbn = {0262033844},
publisher = {The MIT Press},
edition = {3rd},
pages={1600-161}}
}


@misc{iso_2017, title={ISO/IEC 14882:2014}, url={https://www.iso.org/standard/64029.html}, journal={ISO}, year={2017}, month={Nov}} 

@misc{kernel, title={The Linux Kernel Archives}, url={https://www.kernel.org/}, journal={The Linux Kernel Archives Atom}} 

@misc{ryzen, title={Ryzen 2700}, url={https://www.amd.com/en/products/cpu/amd-ryzen-7-2700x}} 