@article{DBLP:journals/corr/abs-1101-1232,
  author    = {Rishin Haldar and
               Debajyoti Mukhopadhyay},
  title     = {Levenshtein Distance Technique in Dictionary Lookup Methods: An Improved
               Approach},
  journal   = {CoRR},
  volume    = {abs/1101.1232},
  year      = {2011},
  url       = {http://arxiv.org/abs/1101.1232},
  eprinttype = {arXiv},
  eprint    = {1101.1232},
  timestamp = {Mon, 13 Aug 2018 16:48:51 +0200},
  biburl    = {https://dblp.org/rec/journals/corr/abs-1101-1232.bib},
  bibsource = {dblp computer science bibliography, https://dblp.org}
}