@book{akenine2019real,
  title={Real-time rendering},
  author={Akenine-Moller, Tomas and Haines, Eric and Hoffman, Naty},
  year={2019},
  publisher={AK Peters/crc Press},
  pages={20-21}
}

@book{sellers2016vulkan,
  title={Vulkan programming guide: The official guide to learning vulkan},
  author={Sellers, Graham and Kessenich, John},
  year={2016},
  publisher={Addison-Wesley Professional},
  pages={97-100}
}

@article{crockett1997introduction,
  title={An introduction to parallel rendering},
  author={Crockett, Thomas W},
  journal={Parallel Computing},
  volume={23},
  number={7},
  pages={819--820},
  year={1997},
  publisher={Elsevier}
}

@misc{vulkan_2021, title={Home: Vulkan: Cross Platform 3D Graphics}, url={https://www.vulkan.org/}, journal={Vulkan}, author={Vulkan}, year={2021}, month={Oct}} 

@misc{gtx1080, title={Nvidia GTX 1080}, url={https://www.nvidia.com/en-in/geforce/products/10series/geforce-gtx-1080/}, journal={Nvidia}, author={Nvidia}, year={2021}, month={Oct}} 

@misc{iso_2017, title={ISO/IEC 14882:2014}, url={https://www.iso.org/standard/64029.html}, journal={ISO}, year={2017}, month={Nov}} 

@misc{kernel, title={The Linux Kernel Archives}, url={https://www.kernel.org/}, journal={The Linux Kernel Archives Atom}} 

@misc{ryzen, title={Ryzen 2700}, url={https://www.amd.com/en/products/cpu/amd-ryzen-7-2700x}} 